@article{GEN,
author={Jinsoo Lee,Wook-Shin Han,Romans Kasperovics},
title=" An In-depth Comparison of Subgraph Isomorphism Algorithms in Graph Databases",
year="2012"
}
@article{Ull,
author={J Ullmann},
title=" An algorithm for subgraph isomorphism",
year="1976"
}

@article{VF2,
 author = {L P Cordella,P Foggia, C Sansone},
 title = {A subgraph isomorphism matching algorithm for matching large graphs},
 year = {2004}
} 

@article{GQL,
author={ H He,A K Singh },
title=" Graph-at-a-time:query language and access method for graph database",
year="2008"
}

@article{QSI,
author={ H SHang,Y Zhang,X Lin},
title=" An efficient algorithm for testing subgraph isomorphism",
year="2008"
}

@article{GAD,
author=" S Zhang,S Li, Y Jang",
title="GADDI:distance index based subgraph matching in biological networks",
year="2009"
}

@article{SPA,
author="P Zhao, J Han",
title="On Graph Query optimization on large networks",
year="2010"
}



@article{STWig,
author={Xiaojie Lin,Rui Zhang,Zeyi Wen},
title=" Efficient subgraph matching using GPUs",
year="2012"
}
@article{Turbosio,
author="Wook-Shin Han,Jinsoo Lee,Jeong-Hoon Lee",
title=" Turboiso:Towards Ultrafast and Robust Subgraph Isomorphism Search in Large Graph Database",
year="2013"
}